<?xml version="1.0" encoding="UTF-8"?><collection xmlns="http://www.loc.gov/MARC21/slim"><record><leader>00482nam--2200157-i-4500</leader><controlfield tag="001">000001130</controlfield><controlfield tag="002">20161230</controlfield><controlfield tag="005">20161230201024</controlfield><controlfield tag="008">060222s1000------------r-----000-0-eng-d</controlfield><datafield ind1=" " ind2=" " tag="080"><subfield code="a">513.882</subfield></datafield><datafield ind1=" " ind2=" " tag="100"><subfield code="a">Helmberg, Gilbert</subfield></datafield><datafield ind1=" " ind2=" " tag="245"><subfield code="a">Introduction to spectral theory in hilbert space</subfield></datafield><datafield ind1=" " ind2=" " tag="260"><subfield code="a">Amsterdam, North-holland Publ.Co., 1969. Xiii + 346p</subfield></datafield><datafield ind1=" " ind2=" " tag="490"><subfield code="a">North-holland Series In Applied Mathematics And Mechanics</subfield></datafield><datafield ind1=" " ind2=" " tag="852"><subfield code="a">32450</subfield><subfield code="c">517.5</subfield></datafield><datafield ind1=" " ind2=" " tag="CAT"><subfield code="a">Sys</subfield><subfield code="c">20080804</subfield><subfield code="h">093433</subfield></datafield></record></collection>